<record><leader>00000cas a22000007a 4500</leader><controlfield tag="001">22417469</controlfield><controlfield tag="008">900921c19uu9999wyuwr ne      0   a0eng d</controlfield><datafield ind1=" " ind2=" " tag="010"><subfield code="a">sn 90051693 </subfield></datafield><datafield ind1=" " ind2=" " tag="040"><subfield code="a">CNQ</subfield><subfield code="b">eng</subfield><subfield code="c">CNQ</subfield><subfield code="d">NSD</subfield><subfield code="d">NVO</subfield><subfield code="d">OCLCQ</subfield></datafield><datafield ind1=" " ind2=" " tag="012"><subfield code="m">1</subfield></datafield><datafield ind1="1" ind2=" " tag="022"><subfield code="a">1061-1789</subfield><subfield code="l">1061-1789</subfield><subfield code="2">1</subfield></datafield><datafield ind1=" " ind2=" " tag="032"><subfield code="a">231140</subfield><subfield code="b">USPS</subfield></datafield><datafield ind1=" " ind2=" " tag="042"><subfield code="a">msc</subfield><subfield code="a">nsdp</subfield></datafield><datafield ind1=" " ind2="4" tag="222"><subfield code="a">The Guernsey gazette</subfield></datafield><datafield ind1="0" ind2="4" tag="245"><subfield code="a">The Guernsey gazette.</subfield></datafield><datafield ind1="1" ind2="3" tag="246"><subfield code="a">Guide</subfield><subfield code="f">Oct 1980-July 7, 1982</subfield></datafield><datafield ind1="1" ind2="3" tag="246"><subfield code="a">Lingle guide and the Guernsey gazette</subfield><subfield code="f">July 14-Nov. 24, 1982</subfield></datafield><datafield ind1="3" ind2="0" tag="246"><subfield code="a">Guide/gazette</subfield><subfield code="f">1980-1984</subfield></datafield><datafield ind1="1" ind2="3" tag="246"><subfield code="a">Lingle guide, the Guernsey gazette</subfield><subfield code="f">Dec 1982-Oct 25, 1983</subfield></datafield><datafield ind1="1" ind2="3" tag="246"><subfield code="a">Guernsey gazette, Lingle guide</subfield><subfield code="f">Nov. 1983-Oct. 1984</subfield></datafield><datafield ind1=" " ind2=" " tag="260"><subfield code="a">Guernsey, Platte County, Wyo. :</subfield><subfield code="b">G.O. Houser &amp; Son</subfield></datafield><datafield ind1=" " ind2=" " tag="300"><subfield code="a">v.</subfield></datafield><datafield ind1=" " ind2=" " tag="310"><subfield code="a">Weekly</subfield></datafield><datafield ind1="1" ind2=" " tag="362"><subfield code="a">Began in 1905.</subfield><subfield code="z">Cf. Homsher, L. Guide to Wyoming newspapers, 1867-1967.</subfield></datafield><datafield ind1=" " ind2=" " tag="500"><subfield code="a">Published: Lingle, Wyo. by publisher of the "Guide", 1980-&lt;1984&gt;; Torrington, Wyo. &lt;Jan. 1, 1991&gt;-</subfield></datafield><datafield ind1=" " ind2=" " tag="588"><subfield code="a">Description based on: Vol. 6, no. 25 (May 5, 1905).</subfield></datafield><datafield ind1=" " ind2="4" tag="651"><subfield code="a">Guernsey (Wyo.)</subfield><subfield code="v">Newspapers.</subfield></datafield><datafield ind1=" " ind2="4" tag="651"><subfield code="a">Platte County (Wyo.)</subfield><subfield code="v">Newspapers.</subfield></datafield><datafield ind1=" " ind2=" " tag="752"><subfield code="a">United States</subfield><subfield code="b">Wyoming</subfield><subfield code="c">Goshen</subfield><subfield code="d">Torrington.</subfield></datafield><datafield ind1=" " ind2=" " tag="752"><subfield code="a">United States</subfield><subfield code="b">Wyoming</subfield><subfield code="c">Platte</subfield><subfield code="d">Guernsey.</subfield></datafield><datafield ind1="0" ind2="0" tag="780"><subfield code="t">Guernsey iron gazette</subfield><subfield code="w">(DLC)sn 92066952</subfield></datafield><datafield ind1="1" ind2=" " tag="787"><subfield code="t">Guide (Lingle, Wyo.)</subfield><subfield code="w">(DLC)sn 92066954</subfield></datafield><datafield ind1="1" ind2=" " tag="029"><subfield code="a">AU@</subfield><subfield code="b">000025853220</subfield></datafield></record>